@preamble{ " \newcommand{\noop}[1]{} " }

@article{BELLAN20194376,
title = "An online decision tree for vaccine efficacy trial design during infectious disease epidemics: The InterVax-Tool",
journal = "Vaccine",
volume = "37",
number = "31",
pages = "4376 - 4381",
year = "2019",
issn = "0264-410X",
doi = "https://doi.org/10.1016/j.vaccine.2019.06.019",
url = "http://www.sciencedirect.com/science/article/pii/S0264410X19307807",
author = "Bellan, Steven E and Eggo, Rosalind M and Gsell, Pierre-Stéphane and Kucharski, Adam J and Dean, Natalie E and Donohue, Richard and Zook, Matt and Edmunds, W John and Odhiambo, Frank and Longini, Ira M and Brisson, Marc and Mahon, Barbara E and Henao-Restrepo, Ana Maria"
}

@book{hofman2017politics,
  title={The politics of fear: M{\'e}decins sans fronti{\`e}res and the West African Ebola epidemic},
  author={Hofman, Michiel and Au, Sokhieng},
  year={2017},
  publisher={Oxford University Press}
}

@article{KIENY20172469,
title = "WHO R\&D Blueprint: a global coordination mechanism for R\&D preparedness",
journal = "The Lancet",
volume = "389",
number = "10088",
pages = "2469 - 2470",
year = "2017",
issn = "0140-6736",
doi = "https://doi.org/10.1016/S0140-6736(17)31635-5",
url = "http://www.sciencedirect.com/science/article/pii/S0140673617316355",
author = "Marie Paule Kieny and Peter Salama"
}

@article{bellan2014ebola,
  title={Ebola virus vaccine trials: the ethical mandate for a therapeutic safety net},
  author={Bellan, Steve E and Pulliam, Juliet RC and Dushoff, Jonathan and Meyers, Lauren Ancel},
  journal={Bmj},
  volume={349},
  pages={g7518},
  year={2014},
  publisher={British Medical Journal Publishing Group}
}

@article{nguyen2019epidemic,
author = {Nguyen, Vinh-Kim},
title = {An Epidemic of Suspicion — Ebola and Violence in the DRC},
journal = {New England Journal of Medicine},
volume = {380},
number = {14},
pages = {1298-1299},
year = {2019},
doi = {10.1056/NEJMp1902682},
note ={PMID: 30840790},
URL = { https://doi.org/10.1056/NEJMp1902682},
eprint = {https://doi.org/10.1056/NEJMp1902682}
}

@article{rvsvprotocol,
	Title = {The ring vaccination trial: a novel cluster randomised controlled trial design to evaluate vaccine efficacy and effectiveness during outbreaks, with special reference to Ebola},
	Author = {{Ebola ça Suffit Ring Vaccination Trial Consortium}},
	DOI = {10.1136/bmj.h3740},
	Volume = {351},
	Month = {July},
	Year = {2015},
	Journal = {BMJ (Clinical research ed.)},
	ISSN = {0959-8138},
	Pages = {h3740},
	URL = {http://europepmc.org/articles/PMC4516343},
}

@article{rvsvfinal,
title = "Efficacy and effectiveness of an rVSV-vectored vaccine in preventing Ebola virus disease: final results from the Guinea ring vaccination, open-label, cluster-randomised trial (Ebola Ça Suffit!)",
journal = "The Lancet",
volume = "389",
number = "10068",
pages = "505 - 518",
year = "2017",
issn = "0140-6736",
doi = "https://doi.org/10.1016/S0140-6736(16)32621-6",
url = "http://www.sciencedirect.com/science/article/pii/S0140673616326216",
author = "Ana Maria Henao-Restrepo and Anton Camacho and Ira M Longini and Conall H Watson and W John Edmunds and Matthias Egger and Miles W Carroll and Natalie E Dean and Ibrahima Diatta and Moussa Doumbia and Bertrand Draguez and Sophie Duraffour and Godwin Enwere and Rebecca Grais and Stephan Gunther and Pierre-Stéphane Gsell and Stefanie Hossmann and Sara Viksmoen Watle and Mandy Kader Kondé and Sakoba Kéïta and Souleymane Kone and Eewa Kuisma and Myron M Levine and Sema Mandal and Thomas Mauget and Gunnstein Norheim and Ximena Riveros and Aboubacar Soumah and Sven Trelle and Andrea S Vicari and John-Arne Røttingen and Marie-Paule Kieny"
}

@article{sullivan2014influenza,
  title="Influenza vaccine effectiveness: potential of the test-negative design. A systematic review",
  author="Sullivan, Sheena G and Feng, Shuo and Cowling, Benjamin J",
  journal="Expert review of vaccines",
  volume="13",
  number="12",
  pages="1571",
  year="2014",
  publisher="NIH Public Access"
}